@book{marek,
  title="Chaotic Behaviour of Deterministic Dissipative Systems",
  author="M. Marek and I. Schreiber",
  year=1991,
  publisher="Academia Press"
}

@article{autodiff,
  title="On Automatic Differentiating",
  author="Andreas Griewank",
  journal="Mathematical programming: {R}ecent Development and Applications",
  year=1989,
  note="Preprint"
}

@inproceedings{conex,
  title="Continuation expert system - {CONEX}",
  year=1990,
  author="P. Rosendorf and J. Orsag and I. Schreiber and M. Marek",
  booktitle="The 2nd International coference on expert systems for numerical computing"
}

@manual{ctools,
  title="C programming tools",
  organization="Hewlett-Packard"
}


@article{kc-intro,
  title="Yet Another Kinetic Compiler",
  author="Kenneth Geisshirt",
  year=1992
}

@book{KR,
  title="The C programming Language",
  author="D. Ritchie and B. Kernighan",
  publisher="Prentice-Hall",
  year=1978
}

@book{dragon,
  title="Compilers. Principles, Techniques and Tools",
  author="Sethi and Aho and Ullman",
  publisher="Wesley-Addison",
  year=1986
}

@book{LexYacc,
  title="lex \& yacc",
  author="Levine and Mason and Brown",
  publisher="O'Reilly \& Associates",
  year=1993
}

@book{decker,
  title="Data structures",
  author="Rick Decker",
  publisher="Prentice {H}all",
  year = 1989
}